%% start of file `publications.bib'.

@BOOK{book1,
  author = {Gavin Mendel-Gleason and Kevin Feeney}, 
  title = {Title},
  publisher = {Publisher}, 
  edition = {edition}, 
  year = {year},
} 
%% end of file `publications.bib'.                                                                                                                                                                        